[gd_scene load_steps=8 format=3 uid="uid://b0gg3y6oy6rpj"]

[ext_resource type="Script" path="res://player/player.gd" id="1_hsb5n"]
[ext_resource type="Script" path="res://player/building/raycast3d.gd" id="2_q6oyk"]
[ext_resource type="Script" path="res://player/pickup.gd" id="4_8557g"]
[ext_resource type="PackedScene" uid="uid://0cy40mhex576" path="res://player/playerhands.tscn" id="5_667hh"]
[ext_resource type="Script" path="res://player/shoot.gd" id="6_soqgw"]

[sub_resource type="CapsuleMesh" id="CapsuleMesh_qce88"]

[sub_resource type="CapsuleShape3D" id="CapsuleShape3D_1caco"]

[node name="CharacterBody3D" type="CharacterBody3D"]
transform = Transform3D(1, 0, 0, 0, 1, 0, 0, 0, 1, 0, -0.018092, 0)
script = ExtResource("1_hsb5n")

[node name="MeshInstance3D" type="MeshInstance3D" parent="."]
transform = Transform3D(1, 0, 0, 0, 1, 0, 0, 0, 1, 0, 1, 0)
visible = false
mesh = SubResource("CapsuleMesh_qce88")

[node name="CollisionShape3D2" type="CollisionShape3D" parent="."]
transform = Transform3D(1, 0, 0, 0, 1, 0, 0, 0, 1, 0, 1, 0)
shape = SubResource("CapsuleShape3D_1caco")

[node name="Neck" type="Node3D" parent="."]
transform = Transform3D(1, 0, 0, 0, 1, 0, 0, 0, 1, 0, 1.7, 0)

[node name="Camera3D" type="Camera3D" parent="Neck"]

[node name="BuildRayCast" type="RayCast3D" parent="Neck/Camera3D"]
target_position = Vector3(0, 0, -10)
script = ExtResource("2_q6oyk")

[node name="PickupRayCast" type="RayCast3D" parent="Neck/Camera3D"]
transform = Transform3D(1, 0, 0, 0, 1, 0, 0, 0, 1, 0, -0.0284979, 0)
target_position = Vector3(0, 0, -3)
script = ExtResource("4_8557g")

[node name="playerhands" parent="Neck/Camera3D" instance=ExtResource("5_667hh")]
transform = Transform3D(-0.2, 0, -1.74846e-08, 0, 0.2, 0, 1.74846e-08, 0, -0.2, -0.037, -0.235, 0.202)

[node name="ShootRayCast" type="RayCast3D" parent="Neck/Camera3D/playerhands"]
transform = Transform3D(1, 0, 2.27374e-13, 0, 1, 0, -2.27374e-13, 0, 1, -0.0579834, -0.350635, 0.382759)
target_position = Vector3(0, 0, 8)
script = ExtResource("6_soqgw")

[connection signal="hud_update" from="Neck/Camera3D/playerhands/ShootRayCast" to="." method="_on_shoot_ray_cast_hud_update"]
